@inproceedings{BertramWei2021,
  author = {J. Bertram and P. Wei},
  booktitle = {AIAA Scitech 2021 Forum},
  title = {An Efficient Algorithm for Multiple-Pursuer-Multiple-Evader Pursuit/Evasion Game},
  year = {2021}
}